@Online{onf,
title={Open Networking Foundation},
URL={https://opennetworking.org}
}

@Online{openflow,
title={OpenFlow},
URL={https://opennetworking.org/sdn-resources/customer-case-studies/openflow/}
}

@Online{sdn,
title={Software-defined networking},
URL={https://en.wikipedia.org/wiki/Software-defined_networking}
}

@Online{cli,
title={Command-line interface},
URL={https://en.wikipedia.org/wiki/Command-line_interface}
}

@Online{rtt,
title={Round Trip Time},
URL={https://developer.mozilla.org/en-US/docs/Glossary/Round_Trip_Time_(RTT)}
}

@Online{lldp,
title={Link Layer Discovery Protocol},
URL={https://en.wikipedia.org/wiki/Link_Layer_Discovery_Protocol}
}

@Online{bbrv2,
title={TCP BBR v2 Alpha/Preview Release},
URL={https://github.com/google/bbr/blob/v2alpha/README.md}
}


@Online{tc_netem,
title={tc-netem(8) — Linux manual page},
URL={https://man7.org/linux/man-pages/man8/tc-netem.8.html}
}

@Online{tc_tbf,
title={tc-tbf(8) — Linux manual page},
URL={https://man7.org/linux/man-pages/man8/tc-tbf.8.html}
}

@Online{mininet,
title={Mininet},
URL={http://mininet.org/}
}

@Online{mininet_api,
title={Mininet Python API Reference Manual},
URL={http://mininet.org/api/annotated.html}
}

@Online{iperf,
title={iPerf - The ultimate speed test tool for TCP, UDP and SCTP},
URL={https://iperf.fr/iperf-doc.php}
}

@Online{tc,
title={tc(8) — Linux manual page},
URL={https://man7.org/linux/man-pages/man8/tc.8.html}
}
@Online{ip,
title={ip(8) — Linux manual page},
URL={https://man7.org/linux/man-pages/man8/tc.8.html}
}
@Online{ss,
title={ss(8) — Linux manual page},
URL={https://man7.org/linux/man-pages/man8/ss.8.html}
}

@Online{iproute,
title={iproute2},
URL={https://en.wikipedia.org/wiki/Iproute2}
}

@Online{iperf_userdoc,
title={iPerf 3 user documentation},
URL={https://iperf.fr/iperf-doc.php}
}

@Online{toml,
title={TOML},
URL= {https://toml.io/en/}
}

@Online{sleep,
title={sleep(3) — Linux manual page},
URL={https://man7.org/linux/man-pages/man3/sleep.3.html}
}

@Online{pip,
title={pip},
URL={https://pypi.org/project/pip/}
}

@Online{ns3,
title={ns-3 - Network Simulator},
URL={https://www.nsnam.org}
}

@Online{gns3,
title={gns3},
URL={https://www.gns3.com}
}

@techreport{rfc2001,
  author =	 {W. Richard Stevens},
  title =	 {TCP Slow Start, Congestion Avoidance, Fast
                  Retransmit, and Fast Recovery Algorithms},
  howpublished = {Internet Requests for Comments},
  type =	 {RFC},
  number =	 2001,
  year =	 1997,
  month =	 01,
  publisher =	 {RFC Editor},
  institution =	 {RFC Editor},
  url =		 {https://datatracker.ietf.org/doc/html/rfc2001}
}

@techreport{rfc5166,
  author =	 {S. Floyd},
  title =	 {Metrics for the Evaluation of Congestion Control
                  Mechanisms},
  howpublished = {Internet Requests for Comments},
  type =	 {RFC},
  number =	 5166,
  year =	 2008,
  month =	 03,
  publisher =	 {RFC Editor},
  institution =	 {RFC Editor},
  url =		 {https://www.rfc-editor.org/rfc/rfc5166.txt}
}

@techreport{rfc8312,
  author =	 {Injong Rhee and Lisong Xu and Sangtae Ha and
                  Alexander Zimmermann and Lars Eggert and Richard
                  Scheffenegger},
  title =	 {CUBIC for Fast Long-Distance Networks},
  howpublished = {Internet Requests for Comments},
  type =	 {RFC},
  number =	 8312,
  year =	 2018,
  month =	 02,
  publisher =	 {RFC Editor},
  institution =	 {RFC Editor},
  url =		 {https://www.rfc-editor.org/rfc/rfc8312.txt}
}

@article{iot,
  title =	 {Internet of Things (IoT) for Next-Generation Smart
                  Systems: A Review of Current Challenges, Future
                  Trends and Prospects for Emerging 5G-IoT Scenarios},
  author =	 {Kinza Shafique and Bilal A. Khawaja and Farah Sabir,
                  Sameer Qazi and Muhammad Mustaqim},
  journal =	 {Information and Telecommunication Sciences},
  year =	 2020,
  publisher =	 {IEEE}
}

@article{article_ros,
  title =	 {RESEARCH OF SDN NETWORK PERFORMANCE PARAMETERS USING
                  MININET NETWORK EMULATOR},
  author =	 {Oleksandr I. Romanov and Anton I. Marinov and Ivan
                  O. Saychenko and Serhii S. Skolets},
  journal =	 {Information and Telecommunication Sciences},
  year =	 2021,
  publisher =	 {Kyiv Politechnic Institute}
}

@article{article_iosctfim,
  title =	 {Implementation of simplified custom topology
                  framework in Mininet},
  author =	 {Chandan Pal and S Veena and Ram P. Rustagi and
                  K. N. B. Murthy},
  journal =	 {2014 Asia-Pacific Conference on Computer Aided
                  System Engineering (APCASE)},
  year =	 2014,
}

@inproceedings{article_masdntp,
  author =	 "K. Kaur and Japinder Singh and N. Ghumman",
  title =	 "Mininet as Software Defined Networking Testing
                  Platform",
  booktitle =	 "International Conference on COMMUNICATION, COMPUTING
                  \& SYSTEMS(ICCCS–2014)",
  year =	 2014,
  pages =	 "139--142",
  publisher =	 "EXCEL INDIA PUBLISHERS",
}

@incollection{article_paoasdnum,
  author =	 "Chaitra N. Shivayogimath and N. V. Uma Reddy",
  title =	 "Performance Analysis of a Software Defined Network
                  Using Mininet",
  booktitle =	 "Artificial Intelligence and Evolutionary
                  Computations in Engineering Systems: Proceedings of
                  ICAIECES 2015",
  year =	 2016,
  pages =	 "391--398",
  publisher =	 "Springer",
  editor =	 "Subhransu Sekhar Dash and M. Arun Bhaskar and Bijaya
                  Ketan Panigrahi and Swagatham Das",
}

@inproceedings{article_paoccmisdn,
  author =	 "M. Z. A. Rahman and N. Yaakob and A. Amir and RB
                  Ahmad and S.K.Yoon and A.H. Abd Halim",
  title =	 "Performance Analysis of Congestion Control Mechanism
                  in Software Defined Network (SDN)",
  year =	 2017
}

@inproceedings{article_apeotba,
  author =	 "Jose Gomez and Elie Kfoury and Jorge Crichigno and
                  Elias Bou-Harb and Gautam Srivastava",
  title =	 "A Performance Evaluation of TCP BBRv2 Alpha",
  booktitle =	 "2020 43rd International Conference on
                  Telecommunications and Signal Processing (TSP)",
  year =	 2020,
  publisher =	 "IEEE",
}

@article{my-conf-work,
  author =	 "С. М. Наливайко",
  title =	 "Автоматизация процессов моделирования и измерения
                  сетевых характеристик в Mininet",
  journal =	 "Информационно-телекоммуникационные технологии и
                  математическое моделирование высокотехнологичных
                  систем: материалы Всероссийской конференции с
                  международным участием",
  year =	 2022,
  pages =	 "397--403",
  address =	 "Москва, РУДН"
}

@article{bbrv1,
  author =	 "Neal Cardwell and Yuchung Cheng and C. Stephen Gunn
                  and Soheil Hassas Yeganeh and Van Jacobson",
  title =	 "BBR: Congestion-Based Congestion Control",
  journal =	 "ACM Queue",
  year =	 2016,
  volume =	 14,
  pages =	 "20--53"
}
