@Online{mininet,
title={{Mininet}},
URL={http://mininet.org/}
}
@Online{iperf3,
title={{iPerf --- the ultimate speed test tool for TCP, UDP and SCTP}},
URL={https://iperf.fr/iperf-doc.php}
}
@Online{iproute2,
title={{iproute2}},
URL={https://en.wikipedia.org/wiki/Iproute2}
}
@Online{qdisc,
title={{tc(8) --- Linux manual page}},
URL={https://man7.org/linux/man-pages/man8/tc.8.html}
}
@Online{ip,
title={{ip(8) --- Linux manual page}},
URL={https://man7.org/linux/man-pages/man8/tc.8.html}
}
@Online{ss,
title={{ss(8) --- Linux manual page}},
URL={https://man7.org/linux/man-pages/man8/ss.8.html}
}

@Online{mininet-api,
title={{Mininet Python API Reference Manual}},
URL={http://mininet.org/api/annotated.html}
}

@Online{gns3,
title={{gns3}},
URL ={https://www.gns3.com}
}

@Online{ns3,
title={{ns-3}},
URL= {https://www.nsnam.org}
}

@Online{cpt,
title={{Cisco Packet Tracer}},
URL ={https://www.netacad.com/courses/packet-tracer},
}

@Online{wireshark,
title={{Wireshark}},
URL= {https://www.wireshark.org}
}

@Online{tnm2,
title={{Total Network Monitor 2}},
URL={https://www.total-network-monitor.ru}
}

@Online{zabbix,
title={{Zabbix}},
URL= {https://www.zabbix.com}
}

@Online{toml,
title={{TOML}},
URL= {https://toml.io/en/}
}

        
        
        
       