@Online{mininet,
title={Mininet},
URL={http://mininet.org/}
}
@Online{iperf,
title={iPerf - The ultimate speed test tool for TCP, UDP and SCTP},
URL={https://iperf.fr/iperf-doc.php}
}
@Online{iproute,
title={iproute2},
URL={https://en.wikipedia.org/wiki/Iproute2}
}
@Online{tc,
title={tc(8) — Linux manual page},
URL={https://man7.org/linux/man-pages/man8/tc.8.html}
}
@Online{ip,
title={ip(8) — Linux manual page},
URL={https://man7.org/linux/man-pages/man8/tc.8.html}
}
@Online{ss,
title={ss(8) — Linux manual page},
URL={https://man7.org/linux/man-pages/man8/ss.8.html}
}
